@online{aljazeera,
  author      = {Al Jazeera},
  title       = {Al Jazeera},
  url         = {https://www.aljazeera.com}
}

@online{thenewyorktimes,
  author       = {The New York Times},
  title        = {The New York Times},
  url          = {https://www.nytimes.com}
}

@online{dawn,
  author       = {Dawn},
  title        = {Dawn},
  url          = {https://www.dawn.com}
}

@online{thewashingtonpost,
  author       = {The Washington Post},
  title        = {The Washington Post},
  url          = {https://www.washingtonpost.com}
}

@online{bbcnews,
  author       = {BBC News},
  title        = {BBC News},
  url          = {https://www.bbc.com/news}
}

@online{thewallstreetjournal,
  author       = {The Wall Street Journal},
  title        = {The Wall Street Journal},
  url          = {https://www.wsj.com}
}

@online{bloombergnews,
  author       = {Bloomberg News},
  title        = {Bloomberg News},
  url          = {https://www.bloomberg.com}
}

@online{theguardian,
  author       = {The Guardian},
  title        = {The Guardian},
  url          = {https://www.theguardian.com}
}

@online{reuters,
  author       = {Reuters},
  title        = {Reuters},
  url          = {https://www.reuters.com}
}

@online{lemonde,
  author       = {Le Monde},
  title        = {Le Monde},
  url          = {https://www.lemonde.fr}
}

@online{elpais,
  author       = {El País},
  title        = {El País},
  url          = {https://elpais.com}
}

@online{thehindu,
  author       = {The Hindu},
  title        = {The Hindu},
  url          = {https://www.thehindu.com}
}

@online{thetimes,
  author       = {The Times},
  title        = {The Times},
  url          = {https://www.thetimes.co.uk}
}

@online{derspiegel,
  author       = {Der Spiegel},
  title        = {Der Spiegel},
  url          = {https://www.spiegel.de}
}

@online{corrieredellasera,
  author       = {Corriere della Sera},
  title        = {Corriere della Sera},
  url          = {https://www.corriere.it}
}

@online{straitstimes,
  author       = {The Straits Times},
  title        = {The Straits Times},
  url          = {https://www.straitstimes.com}
}

@online{larepubblica,
  author      = {La Repubblica},
  title       = {La Repubblica},
  url         = {https://www.repubblica.it}
}

@online{cnn,
  author      = {CNN},
  title       = {CNN},
  url         = {https://edition.cnn.com/middleeast/live-news/israel-hamas-war-gaza-news-01-14-24/index.html}
}

@online{folhadespaulo,
  author      = {Folha de S.Paulo},
  title       = {Folha de S.Paulo},
  url         = {https://www.folha.uol.com.br}
}

@online{financialtimes,
  author      = {Financial Times},
  title       = {Financial Times},
  url         = {https://www.ft.com}
}

@online{globeandmail,
  author      = {Globe and Mail},
  title       = {Globe and Mail},
  url         = {https://www.theglobeandmail.com}
}

@online{suddeutschezeitung,
  author      = {Süddeutsche Zeitung},
  title       = {Süddeutsche Zeitung},
  url         = {https://www.sueddeutsche.de}
}

@online{chinadaily,
  author      = {China Daily},
  title       = {China Daily},
  url         = {https://www.chinadaily.com.cn}
}

@online{asahishimbun,
  author      = {Asahi Shimbun},
  title       = {Asahi Shimbun},
  url         = {https://www.asahi.com/ajw/}
}

@online{thestraitstimes,
  author      = {The Straits Times},
  title       = {The Straits Times},
  url         = {https://www.straitstimes.com}
}

@online{clarín,
  author      = {Clarín},
  title       = {Clarín},
  url         = {https://www.clarin.com}
}

@online{thekoreatimes,
  author      = {The Korea Times},
  title       = {The Korea Times},
  url         = {https://www.koreatimes.co.kr/?edition=international}
}

@online{giornalismo&politica,
  author       = {Libera Università Maria SS.Assunta - (LUMSA) di Roma - Lumsa},
  title        = {GIORNALISMO E POLITICA},
  url          = {https://lumsa.it/sites/default/files/UTENTI/u1247/Giornalismo%20e%20politica%20:%20Lezione%202%20bis.%20Le%20relazioni.pdf},
}

@online{gpMazzoleni,
  author       = {Gianpiero Mazzoleni},
  title       = {Gianpiero Mazzoleni},
  url          = {https://www.gpmazzoleni.it},
}

@online{fMartini,
  author       = {Fabio Martini},
  title       = {FabioMartini},
  url          = {https://it.wikipedia.org/wiki/Fabio_Martini},
}

@book{blair2001,
  author = {Blair, Gwenda},
  title = {The Trumps: Three Generations That Built an Empire},
  year = {2001},
  publisher = {Simon & Schuster}
}

@book{obrien2005,
  author = {O'Brien, Timothy L.},
  title = {TrumpNation: The Art of Being The Donald},
  year = {2005},
  publisher = {Warner Books}
}

@article{mcintosh2016,
  author = {McIntosh, Steven},
  title = {How The Apprentice made Donald Trump a star},
  year = {2016},
  journal = {BBC News}
}

@article{ott2017,
  author = {Ott, Brian L.},
  title = {The age of Twitter: Donald J. Trump and the politics of debasement},
  journal = {Critical Studies in Media Communication},
  volume = {34},
  number = {1},
  pages = {59--68},
  year = {2017}
}

@article{baker2020,
  author = {Baker, Peter and Haberman, Maggie and Shear, Michael D. and Karni, Annie},
  title = {Trump’s Final Days: Aides Struggle to Contain an Angry President},
  journal = {The New York Times},
  year = {2020}
}

@article{graham2021,
  author = {Graham, David A. and Green, Emma and Murphy, Cullen and Richards, Peter},
  title = {The Legacy of Donald Trump},
  journal = {The Atlantic},
  year = {2021}
}

@misc{nyt2024,
  author = {{The New York Times}},
  title = {Donald Trump Wins 2024 U.S. Presidential Election},
  year = {2024}
}

@misc{bbc2024,
  author = {{BBC News}},
  title = {Trump Returns to White House After 2024 Victory},
  year = {2024}
}

@misc{lse2024,
  author       = {{LSE USAPP Blog}},
  year         = {2024},
  title        = {The 2024 Elections: How media fragmentation helped the return of Donald Trump},
  note         = {Accessed 2024},
  howpublished = {\url{https://blogs.lse.ac.uk/usappblog/}}
}

@article{newsweek2024,
  author       = {{Newsweek}},
  year         = {2024},
  title        = {2024 US Election: Donald Trump Won. But the Biggest Loser Was the Mainstream Media},
  note         = {Accessed 2024},
  journal      = {Newsweek},
  howpublished = {\url{https://www.newsweek.com/}}
}

@misc{georgetown2025,
  author       = {{Georgetown Law}},
  year         = {2025},
  title        = {Be Better, Media: Issues With Racial Framing in Post-2024 Election Coverage},
  note         = {Accessed 2025},
  howpublished = {\url{https://www.law.georgetown.edu/}}
}

@misc{pew2024,
  author       = {{Pew Research Center}},
  year         = {2024},
  title        = {Public Trust in Media at Historic Lows},
  note         = {Accessed 2024},
  howpublished = {\url{https://www.pewresearch.org/}}
}

@techreport{faris2017,
  author       = {Faris, Robert and Roberts, Hal and Etling, Bruce and Bourassa, Nikki and Zuckerman, Ethan and Benkler, Yochai},
  year         = {2017},
  title        = {Partisanship, Propaganda, and Disinformation: Online Media and the 2016 U.S. Presidential Election},
  institution  = {Berkman Klein Center for Internet \& Society, Harvard University},
  number       = {2017-6},
  url          = {https://cyber.harvard.edu/publications/2017/08/mediacloud}
}